<?xml version="1.0" encoding="UTF-8"?><collection xmlns="http://www.loc.gov/MARC21/slim"><record><leader>00493nam--2200133-i-4500</leader><controlfield tag="001">000004438</controlfield><controlfield tag="002">20161230</controlfield><controlfield tag="005">20170304192331</controlfield><controlfield tag="008">060222s1000------------r-----000-0-eng-d</controlfield><datafield ind1=" " ind2=" " tag="100"><subfield code="a">Dini, Dino</subfield></datafield><datafield ind1=" " ind2=" " tag="245"><subfield code="a">Contributo allo studio della fluidodinamica di motori ad onde funzionanti sul principio del comprex . Pubblicazioni della facolta d ingegneria di pisa, serie XVII, no.835</subfield></datafield><datafield ind1=" " ind2=" " tag="260"><subfield code="a">Pisa</subfield><subfield code="b">Industrie Grafiche Lischi &amp; Figli</subfield><subfield code="c">1957</subfield></datafield><datafield ind1=" " ind2=" " tag="300"><subfield code="a">28 p., 12 Fig</subfield></datafield><datafield ind1=" " ind2=" " tag="CAT"><subfield code="a">SYS</subfield><subfield code="c">20170304</subfield><subfield code="h">192331</subfield></datafield></record></collection>